<?xml version="1.0" encoding="UTF-8"?><record xmlns="http://www.loc.gov/MARC21/slim" xmlns:cinclude="http://apache.org/cocoon/include/1.0" xmlns:zs="http://www.loc.gov/zing/srw/">
  <leader>00826cz  a2200169n  4500</leader>
  <controlfield tag="001">n 2004058004</controlfield>
  <controlfield tag="003">DLC</controlfield>
  <controlfield tag="005">20100113075256.0</controlfield>
  <controlfield tag="008">040730n| acannaabn          |a ana      </controlfield>
  <datafield tag="010" ind1=" " ind2=" ">
    <subfield code="a">n 2004058004</subfield>
  </datafield>
  <datafield tag="040" ind1=" " ind2=" ">
    <subfield code="a">DLC</subfield>
    <subfield code="b">eng</subfield>
    <subfield code="c">DLC</subfield>
    <subfield code="d">DLC</subfield>
  </datafield>
  <datafield tag="110" ind1="2" ind2=" ">
    <subfield code="a">TAY, Türkiye Arkeolojik Yerleşmeleri (Organization)</subfield>
  </datafield>
  <datafield tag="410" ind1="2" ind2=" ">
    <subfield code="a">TAY Project (Organization)</subfield>
  </datafield>
  <datafield tag="410" ind1="2" ind2=" ">
    <subfield code="a">Türkiye Arkeolojik Yerleşmeleri Projesi (Organization)</subfield>
  </datafield>
  <datafield tag="410" ind1="2" ind2=" ">
    <subfield code="a">TAY, The Archeological Settlements of Turkey (Organization)</subfield>
  </datafield>
  <datafield tag="670" ind1=" " ind2=" ">
    <subfield code="a">Archaeological destruction in Turkey, 2000?:</subfield>
    <subfield code="b">t.p. (TAY, Türkiye Arkeolojik Yerleşmeleri) p. 1 (TAY Project) p. 7 (Türkiye Arkeolojik Yerleşmeleri Projesi)</subfield>
  </datafield>
  <datafield tag="670" ind1=" " ind2=" ">
    <subfield code="a">TAY, Türkiye Arkeolojik Yerleşmeleri home page, July 30, 2004</subfield>
    <subfield code="b">(TAY, Türkiye Arkeolojik Yerleşmeleri, The Archeological Settlements of Turkey)</subfield>
  </datafield>
</record>